@article{simonTopologicalQuantumLecture,
  title = {Topological {{Quantum}}: {{Lecture Notes}} and {{Proto-Book}}},
  author = {Simon, Steven H},
  langid = {english}
}

@article{fernandez-gonzalezFrustrationFreeGapless2015,
  title = {Frustration {{Free Gapless Hamiltonians}} for {{Matrix Product States}}},
  author = {{Fern{\'a}ndez-Gonz{\'a}lez}, C. and Schuch, N. and Wolf, M. M. and Cirac, J. I. and {P{\'e}rez-Garc{\'i}a}, D.},
  year = {2015},
  month = jan,
  journal = {Communications in Mathematical Physics},
  volume = {333},
  number = {1},
  pages = {299--333},
  doi = {10.1007/s00220-014-2173-z},
  langid = {english}
}

@article{fannesFinitelyCorrelatedStates1992,
  title = {Finitely Correlated States on Quantum Spin Chains},
  author = {Fannes, M. and Nachtergaele, B. and Werner, R. F.},
  year = {1992},
  month = mar,
  journal = {Communications in Mathematical Physics},
  volume = {144},
  number = {3},
  pages = {443--490},
  doi = {10.1007/BF02099178},
  langid = {english}
}

@misc{perez-garciaMatrixProductState2007,
  title = {Matrix {{Product State Representations}}},
  author = {{Perez-Garcia}, D. and Verstraete, F. and Wolf, M. M. and Cirac, J. I.},
  year = {2007},
  month = may,
  number = {arXiv:quant-ph/0608197},
  eprint = {quant-ph/0608197},
  publisher = {arXiv},
  archiveprefix = {arXiv}
}

@article{vanderstraetenTangentspaceMethodsUniform2019,
  title = {Tangent-Space Methods for Uniform Matrix Product States},
  author = {Vanderstraeten, Laurens and Haegeman, Jutho and Verstraete, Frank},
  year = {2019},
  month = jan,
  journal = {SciPost Physics Lecture Notes},
  eprint = {1810.07006},
  primaryclass = {cond-mat, physics:quant-ph},
  pages = {7},
  doi = {10.21468/SciPostPhysLectNotes.7},
  archiveprefix = {arXiv}
}

@article{verstraeteContinuousMatrixProduct2010,
  title = {Continuous {{Matrix Product States}} for {{Quantum Fields}}},
  author = {Verstraete, F. and Cirac, J. I.},
  year = {2010},
  month = may,
  journal = {Physical Review Letters},
  volume = {104},
  number = {19},
  eprint = {1002.1824},
  primaryclass = {cond-mat, physics:hep-lat, physics:hep-th, physics:quant-ph},
  pages = {190405},
  doi = {10.1103/PhysRevLett.104.190405},
  archiveprefix = {arXiv}
}

@article{kapustinTopologicalFieldTheory2017,
  title = {Topological {{Field Theory}} and {{Matrix Product States}}},
  author = {Kapustin, Anton and Turzillo, Alex and You, Minyoung},
  year = {2017},
  month = aug,
  journal = {Physical Review B},
  volume = {96},
  number = {7},
  eprint = {1607.06766},
  primaryclass = {cond-mat, physics:hep-th},
  pages = {075125},
  doi = {10.1103/PhysRevB.96.075125},
  archiveprefix = {arXiv}
}

@article{sanzQuantumVersionWielandt2010,
  title = {A {{Quantum Version}} of {{Wielandt}}'s {{Inequality}}},
  author = {Sanz, Mikel and {P{\'e}rez-Garc{\'i}a}, David and Wolf, Michael M. and Cirac, Juan I.},
  year = {2010},
  month = sep,
  journal = {IEEE Transactions on Information Theory},
  volume = {56},
  number = {9},
  pages = {4668--4673},
  doi = {10.1109/TIT.2010.2054552}
}

@article{evansSpectralPropertiesPositive1978,
  title = {Spectral {{Properties}} of {{Positive Maps}} on {{C}} {\textsuperscript{*}} -{{Algebras}}},
  author = {Evans, David E. and {H{\o}egh-Krohn}, Raphael},
  year = {1978},
  month = apr,
  journal = {Journal of the London Mathematical Society},
  volume = {s2-17},
  number = {2},
  pages = {345--355},
  doi = {10.1112/jlms/s2-17.2.345},
  copyright = {http://doi.wiley.com/10.1002/tdm\_license\_1.1},
  langid = {english}
}

@book{senetaNonnegativeMatricesMarkov1981,
  title = {Non-Negative {{Matrices}} and {{Markov Chains}}},
  author = {Seneta, E.},
  year = {1981},
  series = {Springer {{Series}} in {{Statistics}}},
  publisher = {Springer},
  address = {New York, NY},
  doi = {10.1007/0-387-32792-4},
  copyright = {http://www.springer.com/tdm},
  isbn = {978-0-387-29765-1 978-0-387-32792-1}
}

@misc{perez-garciaPEPSUniqueGround2007,
  title = {{{PEPS}} as Unique Ground States of Local {{Hamiltonians}}},
  author = {{Perez-Garcia}, David and Verstraete, Frank and Cirac, J. Ignacio and Wolf, Michael M.},
  year = {2007},
  month = jul,
  number = {arXiv:0707.2260},
  eprint = {0707.2260},
  primaryclass = {cond-mat, physics:math-ph, physics:quant-ph},
  publisher = {arXiv},
  doi = {10.48550/arXiv.0707.2260},
  archiveprefix = {arXiv}
}

@article{ciracMatrixProductStates2021,
  title = {Matrix Product States and Projected Entangled Pair States: {{Concepts}}, Symmetries, Theorems},
  shorttitle = {Matrix Product States and Projected Entangled Pair States},
  author = {Cirac, J. Ignacio and {P{\'e}rez-Garc{\'i}a}, David and Schuch, Norbert and Verstraete, Frank},
  year = {2021},
  month = dec,
  journal = {Reviews of Modern Physics},
  volume = {93},
  number = {4},
  pages = {045003},
  publisher = {American Physical Society},
  doi = {10.1103/RevModPhys.93.045003}
}

@article{schuchPEPSGroundStates2010,
  title = {{{PEPS}} as Ground States: {{Degeneracy}} and Topology},
  shorttitle = {{{PEPS}} as Ground States},
  author = {Schuch, Norbert and Cirac, Ignacio and {P{\'e}rez-Garc{\'i}a}, David},
  year = {2010},
  month = oct,
  journal = {Annals of Physics},
  volume = {325},
  number = {10},
  pages = {2153--2192},
  doi = {10.1016/j.aop.2010.05.008}
}

@article{levinProtectedEdgeModes2013,
  title = {Protected {{Edge Modes}} without {{Symmetry}}},
  author = {Levin, Michael},
  year = {2013},
  month = may,
  journal = {Physical Review X},
  volume = {3},
  number = {2},
  pages = {021009},
  doi = {10.1103/PhysRevX.3.021009},
  copyright = {http://creativecommons.org/licenses/by/3.0/},
  langid = {english}
}

@article{fernandez-gonzalezGaplessHamiltoniansToric2012,
  title = {Gapless {{Hamiltonians}} for the Toric Code Using the {{PEPS}} Formalism},
  author = {{Fern{\'a}ndez-Gonz{\'a}lez}, Carlos and Schuch, Norbert and Wolf, Michael M. and Cirac, J. Ignacio and {P{\'e}rez-Garc{\'i}a}, David},
  year = {2012},
  month = dec,
  journal = {Physical Review Letters},
  volume = {109},
  number = {26},
  eprint = {1111.5817},
  primaryclass = {cond-mat, physics:quant-ph},
  pages = {260401},
  doi = {10.1103/PhysRevLett.109.260401},
  archiveprefix = {arXiv}
}

@article{nayakNonAbelianAnyonsTopological2008,
  title = {Non-{{Abelian}} Anyons and Topological Quantum Computation},
  author = {Nayak, Chetan and Simon, Steven H. and Stern, Ady and Freedman, Michael and Das Sarma, Sankar},
  year = {2008},
  month = sep,
  journal = {Reviews of Modern Physics},
  volume = {80},
  number = {3},
  pages = {1083--1159},
  doi = {10.1103/RevModPhys.80.1083},
  copyright = {http://link.aps.org/licenses/aps-default-license},
  langid = {english}
}

@article{schickTwoDimensionalSystemHardCore1971,
  title = {Two-{{Dimensional System}} of {{Hard-Core Bosons}}},
  author = {Schick, M.},
  year = {1971},
  month = mar,
  journal = {Physical Review A},
  volume = {3},
  number = {3},
  pages = {1067--1073},
  publisher = {American Physical Society},
  doi = {10.1103/PhysRevA.3.1067}
}

@article{schotteTensornetworkApproachPhase2019,
  title = {Tensor-Network Approach to Phase Transitions in String-Net Models},
  author = {Schotte, Alexis and Carrasco, Jose and Vanhecke, Bram and Haegeman, Jutho and Vanderstraeten, Laurens and Verstraete, Frank and Vidal, Julien},
  year = {2019},
  month = dec,
  journal = {Physical Review B},
  volume = {100},
  number = {24},
  eprint = {1909.06284},
  primaryclass = {cond-mat, physics:quant-ph},
  pages = {245125},
  doi = {10.1103/PhysRevB.100.245125},
  archiveprefix = {arXiv}
}

@article{levinStringnetCondensationPhysical2005,
  title = {String-Net Condensation: {{A}} Physical Mechanism for Topological Phases},
  shorttitle = {String-Net Condensation},
  author = {Levin, Michael A. and Wen, Xiao-Gang},
  year = {2005},
  month = jan,
  journal = {Physical Review B},
  volume = {71},
  number = {4},
  pages = {045110},
  publisher = {American Physical Society},
  doi = {10.1103/PhysRevB.71.045110}
}

@article{kitaevAnyonsExactlySolved2006,
  title = {Anyons in an Exactly Solved Model and Beyond},
  author = {Kitaev, Alexei},
  year = {2006},
  month = jan,
  journal = {Annals of Physics},
  volume = {321},
  number = {1},
  eprint = {cond-mat/0506438},
  pages = {2--111},
  doi = {10.1016/j.aop.2005.10.005},
  archiveprefix = {arXiv}
}

@article{haegemanShadowsAnyonsEntanglement2015,
  title = {Shadows of Anyons and the Entanglement Structure of Topological Phases},
  author = {Haegeman, J. and Zauner, V. and Schuch, N. and Verstraete, F.},
  year = {2015},
  month = oct,
  journal = {Nature Communications},
  volume = {6},
  number = {1},
  pages = {8284},
  publisher = {Nature Publishing Group},
  doi = {10.1038/ncomms9284},
  copyright = {2015 The Author(s)},
  langid = {english}
}

@article{marienCondensationdrivenPhaseTransitions2017,
  title = {Condensation-Driven Phase Transitions in Perturbed String Nets},
  author = {Mari{\"e}n, Micha{\"e}l and Haegeman, Jutho and Fendley, Paul and Verstraete, Frank},
  year = {2017},
  month = oct,
  journal = {Physical Review B},
  volume = {96},
  number = {15},
  pages = {155127},
  publisher = {American Physical Society},
  doi = {10.1103/PhysRevB.96.155127}
}

@article{klichStabilityTopologicalPhases2010,
  title = {On the Stability of Topological Phases on a Lattice},
  author = {Klich, Israel},
  year = {2010},
  month = oct,
  journal = {Annals of Physics},
  volume = {325},
  number = {10},
  pages = {2120--2131},
  doi = {10.1016/j.aop.2010.05.002}
}

@article{bravyiTopologicalQuantumOrder2010,
  title = {Topological Quantum Order: {{Stability}} under Local Perturbations},
  shorttitle = {Topological Quantum Order},
  author = {Bravyi, Sergey and Hastings, Matthew B. and Michalakis, Spyridon},
  year = {2010},
  month = sep,
  journal = {Journal of Mathematical Physics},
  volume = {51},
  number = {9},
  pages = {093512},
  doi = {10.1063/1.3490195}
}

@article{burnellAnyonCondensationIts2018,
  title = {Anyon Condensation and Its Applications},
  author = {Burnell, F. J.},
  year = {2018},
  month = mar,
  journal = {Annual Review of Condensed Matter Physics},
  volume = {9},
  number = {1},
  eprint = {1706.04940},
  primaryclass = {cond-mat},
  pages = {307--327},
  doi = {10.1146/annurev-conmatphys-033117-054154},
  archiveprefix = {arXiv}
}

@misc{cordovaNonInvertibleAnyonCondensation2024,
  title = {Non-{{Invertible Anyon Condensation}} and {{Level-Rank Dualities}}},
  author = {Cordova, Clay and {Garc{\'i}a-Sep{\'u}lveda}, Diego},
  year = {2024},
  month = jul,
  number = {arXiv:2312.16317},
  eprint = {2312.16317},
  primaryclass = {cond-mat, physics:hep-th},
  publisher = {arXiv},
  doi = {10.48550/arXiv.2312.16317},
  archiveprefix = {arXiv}
}

@incollection{lundholmProperties2DAnyon2024,
  title = {Properties of {{2D}} Anyon Gas},
  author = {Lundholm, Douglas},
  year = {2024},
  eprint = {2303.09544},
  primaryclass = {cond-mat, physics:math-ph},
  pages = {450--484},
  doi = {10.1016/B978-0-323-90800-9.00260-2},
  archiveprefix = {arXiv}
}

@article{bultinckAnyonsMatrixProduct2017,
  title = {Anyons and Matrix Product Operator Algebras},
  author = {Bultinck, Nick and Mari{\"e}n, Michael and Williamson, Dominic J. and {\c S}ahino{\u g}lu, Mehmet B. and Haegeman, Jutho and Verstraete, Frank},
  year = {2017},
  month = mar,
  journal = {Annals of Physics},
  volume = {378},
  eprint = {1511.08090},
  primaryclass = {cond-mat, physics:quant-ph},
  pages = {183--233},
  doi = {10.1016/j.aop.2017.01.004},
  archiveprefix = {arXiv}
}

@misc{ciracMatrixProductDensity2016,
  title = {Matrix {{Product Density Operators}}: {{Renormalization Fixed Points}} and {{Boundary Theories}}},
  shorttitle = {Matrix {{Product Density Operators}}},
  author = {Cirac, J. I. and {Perez-Garcia}, D. and Schuch, N. and Verstraete, F.},
  year = {2016},
  month = jun,
  journal = {arXiv.org},
  doi = {10.1016/j.aop.2016.12.030},
  howpublished = {https://arxiv.org/abs/1606.00608v3},
  langid = {english}
}

@article{sahinogluCharacterizingTopologicalOrder2021,
  title = {Characterizing {{Topological Order}} with {{Matrix Product Operators}}},
  author = {{\c S}ahino{\u g}lu, Mehmet Burak and Williamson, Dominic and Bultinck, Nick and Mari{\"e}n, Micha{\"e}l and Haegeman, Jutho and Schuch, Norbert and Verstraete, Frank},
  year = {2021},
  month = feb,
  journal = {Annales Henri Poincar{\'e}},
  volume = {22},
  number = {2},
  pages = {563--592},
  doi = {10.1007/s00023-020-00992-4},
  langid = {english}
}

@article{longEdgeTheoriesAnyon2024,
  title = {Edge {{Theories}} for {{Anyon Condensation Phase Transitions}}},
  author = {Long, David M. and Doherty, Andrew C.},
  year = {2024},
  month = feb,
  journal = {Physical Review B},
  volume = {109},
  number = {7},
  eprint = {2307.12509},
  primaryclass = {cond-mat},
  pages = {075140},
  doi = {10.1103/PhysRevB.109.075140},
  archiveprefix = {arXiv}
}

@article{iqbalStudyAnyonCondensation2018,
  title = {Study of Anyon Condensation and Topological Phase Transitions from a \${\textbackslash}mathbb\{\vphantom\}{{Z}}\vphantom\{\}\_4\$ Topological Phase Using {{Projected Entangled Pair States}}},
  author = {Iqbal, Mohsin and Duivenvoorden, Kasper and Schuch, Norbert},
  year = {2018},
  month = may,
  journal = {Physical Review B},
  volume = {97},
  number = {19},
  eprint = {1712.04021},
  primaryclass = {cond-mat, physics:quant-ph},
  pages = {195124},
  doi = {10.1103/PhysRevB.97.195124},
  archiveprefix = {arXiv}
}

@article{baisCondensateInducedTransitions2009,
  title = {Condensate Induced Transitions between Topologically Ordered Phases},
  author = {Bais, F. A. and Slingerland, J. K.},
  year = {2009},
  month = jan,
  journal = {Physical Review B},
  volume = {79},
  number = {4},
  eprint = {0808.0627},
  primaryclass = {cond-mat, physics:hep-th},
  pages = {045316},
  doi = {10.1103/PhysRevB.79.045316},
  archiveprefix = {arXiv}
}

@article{guTensorproductRepresentationsStringnet2009,
  title = {Tensor-Product Representations for String-Net Condensed States},
  author = {Gu, Zheng-Cheng and Levin, Michael and Swingle, Brian and Wen, Xiao-Gang},
  year = {2009},
  month = feb,
  journal = {Physical Review B},
  volume = {79},
  number = {8},
  eprint = {0809.2821},
  primaryclass = {cond-mat},
  pages = {085118},
  doi = {10.1103/PhysRevB.79.085118},
  archiveprefix = {arXiv}
}

@article{soejimaIsometricTensorNetwork2020,
  title = {Isometric {{Tensor Network}} Representation of String-Net Liquids},
  author = {Soejima, Tomohiro and Siva, Karthik and Bultinck, Nick and Chatterjee, Shubhayu and Pollmann, Frank and Zaletel, Michael P.},
  year = {2020},
  month = feb,
  journal = {Physical Review B},
  volume = {101},
  number = {8},
  eprint = {1908.07545},
  primaryclass = {cond-mat, physics:quant-ph},
  pages = {085117},
  doi = {10.1103/PhysRevB.101.085117},
  archiveprefix = {arXiv}
}

@article{bombinFamilyNonAbelianKitaev2008,
  title = {A {{Family}} of {{Non-Abelian Kitaev Models}} on a {{Lattice}}: {{Topological Confinement}} and {{Condensation}}},
  shorttitle = {A {{Family}} of {{Non-Abelian Kitaev Models}} on a {{Lattice}}},
  author = {Bombin, H. and {Martin-Delgado}, M. A.},
  year = {2008},
  month = sep,
  journal = {Physical Review B},
  volume = {78},
  number = {11},
  eprint = {0712.0190},
  primaryclass = {cond-mat, physics:hep-th, physics:quant-ph},
  pages = {115421},
  doi = {10.1103/PhysRevB.78.115421},
  archiveprefix = {arXiv},
  langid = {english}
}

@article{xuCompleteCharacterizationNonAbelian2022,
  title = {Complete Characterization of Non-{{Abelian}} Topological Phase Transitions and Detection of Anyon Splitting with Projected Entangled Pair States},
  author = {Xu, Wen-Tao and {Garre-Rubio}, Jose and Schuch, Norbert},
  year = {2022},
  month = nov,
  journal = {Physical Review B},
  volume = {106},
  number = {20},
  pages = {205139},
  doi = {10.1103/PhysRevB.106.205139},
  langid = {english}
}

@article{williamsonMatrixProductOperators2016,
  title = {Matrix Product Operators for Symmetry-Protected Topological Phases: {{Gauging}} and Edge Theories},
  shorttitle = {Matrix Product Operators for Symmetry-Protected Topological Phases},
  author = {Williamson, Dominic J. and Bultinck, Nick and Mari{\"e}n, Michael and Sahinoglu, Mehmet B. and Haegeman, Jutho and Verstraete, Frank},
  year = {2016},
  month = nov,
  journal = {Physical Review B},
  volume = {94},
  number = {20},
  eprint = {1412.5604},
  primaryclass = {cond-mat, physics:quant-ph},
  pages = {205150},
  doi = {10.1103/PhysRevB.94.205150},
  archiveprefix = {arXiv}
}

@misc{couvreurMatrixQuantumGroups2022,
  title = {Matrix Quantum Groups as Matrix Product Operator Representations of {{Lie}} Groups},
  author = {Couvreur, Romain and Lootens, Laurens and Verstraete, Frank},
  year = {2022},
  month = feb,
  number = {arXiv:2202.06937},
  eprint = {2202.06937},
  primaryclass = {cond-mat, physics:math-ph, physics:quant-ph},
  publisher = {arXiv},
  doi = {10.48550/arXiv.2202.06937},
  archiveprefix = {arXiv}
}

@article{duivenvoordenEntanglementPhasesHolographic2017,
  title = {Entanglement Phases as Holographic Duals of Anyon Condensates},
  author = {Duivenvoorden, Kasper and Iqbal, Mohsin and Haegeman, Jutho and Verstraete, Frank and Schuch, Norbert},
  year = {2017},
  month = jun,
  journal = {Physical Review B},
  volume = {95},
  number = {23},
  eprint = {1702.08469},
  primaryclass = {cond-mat, physics:quant-ph},
  pages = {235119},
  doi = {10.1103/PhysRevB.95.235119},
  archiveprefix = {arXiv}
}

@misc{ciracEntanglementSpectrumBoundary2011,
  title = {Entanglement Spectrum and Boundary Theories with Projected Entangled-Pair States},
  author = {Cirac, J. Ignacio and Poilblanc, Didier and Schuch, Norbert and Verstraete, Frank},
  year = {2011},
  month = mar,
  journal = {arXiv.org},
  doi = {10.1103/PhysRevB.83.245134},
  howpublished = {https://arxiv.org/abs/1103.3427v1},
  langid = {english}
}

@article{wittenNotesEntanglementProperties2018,
  title = {Notes on {{Some Entanglement Properties}} of {{Quantum Field Theory}}},
  author = {Witten, Edward},
  year = {2018},
  month = oct,
  journal = {Reviews of Modern Physics},
  volume = {90},
  number = {4},
  eprint = {1803.04993},
  primaryclass = {hep-th, physics:math-ph, physics:quant-ph},
  pages = {045003},
  doi = {10.1103/RevModPhys.90.045003},
  archiveprefix = {arXiv},
  langid = {english}
}

@book{simonTopologicalQuantum2023,
  title = {Topological {{Quantum}}},
  author = {Simon, Steven H. and Simon, Steven H.},
  year = {2023},
  month = sep,
  publisher = {Oxford University Press},
  address = {Oxford, New York},
  isbn = {978-0-19-888672-3}
}

@misc{kitaevFaulttolerantQuantumComputation1997,
  title = {Fault-Tolerant Quantum Computation by Anyons},
  author = {Kitaev, A. Yu},
  year = {1997},
  month = jul,
  journal = {arXiv.org},
  doi = {10.1016/S0003-4916(02)00018-0},
  howpublished = {https://arxiv.org/abs/quant-ph/9707021v1},
  langid = {english}
}
