@article{Costa_2011,
	doi = {10.1007/jhep11(2011)071},
  
	url = {https://doi.org/10.1007%2Fjhep11%282011%29071},
  
	year = 2011,
	month = nov,
	publisher = {Springer Science and Business Media {LLC}},
	volume = {2011},
	number = {11},
	author = {Miguel S. Costa and Jo{\~{a}}o Penedones and David Poland and Slava Rychkov},
	title = {Spinning conformal correlators},
	journal = {Journal of High Energy Physics}
}
@book{Nakayama_2019,
	author="中山優",
	title={高次元共形場理論への招待 : 3次元臨界Ising模型を解く},
	publisher={サイエンス社},
	year={2019},
	series={SGCライブラリ},
}
@book{Hikita_2020,
  title={共形場理論入門: 基礎からホログラフィへの道},
  author={疋田泰章},
  publisher={講談社},
  year={2020}
}
@misc{simmonsduffin2016tasi,
      title={TASI Lectures on the Conformal Bootstrap}, 
      author={David Simmons-Duffin},
      year={2016},
      eprint={1602.07982},
      archivePrefix={arXiv},
      primaryClass={hep-th}
}
@book{Rychkov_2017,
	doi = {10.1007/978-3-319-43626-5},
	url = {https://doi.org/10.1007%2F978-3-319-43626-5},
	year = 2017,
	publisher = {Springer International Publishing},
	author = {Slava Rychkov},
	title = {{EPFL} Lectures on Conformal Field Theory in D $\geq$ 3 Dimensions}
}
@book{Sakamoto_2020I,
author={坂本眞人},
title={場の量子論:不変性と自由場を中心にして},
publisher={裳華房},
year={2020},
series={量子力学選書},
}
@book{Sakamoto_2020II,
author={坂本眞人},
title={場の量子論(II) : ファインマン・グラフとくりこみを中心にして},
publisher={裳華房},
year={2020},
series={量子力学選書},
}
@book{francesco2012conformal,
  title={Conformal field theory},
  author={Francesco, Philippe and Mathieu, Pierre and S{\'e}n{\'e}chal, David},
  year={2012},
  publisher={Springer Science \& Business Media}
}
@book{cardy1996scaling,
  title={Scaling and renormalization in statistical physics},
  author={Cardy, John},
  volume={5},
  year={1996},
  publisher={Cambridge university press}
}
@book{kardar2007statistical,
  title={Statistical physics of fields},
  author={Kardar, Mehran},
  year={2007},
  publisher={Cambridge University Press}
}
@book{altland2010condensed,
  title={Condensed matter field theory},
  author={Altland, Alexander and Simons, Ben D},
  year={2010},
  publisher={Cambridge university press},
  % url={http://www.nucleares.unam.mx/~alberto/apuntes/altland.pdf},
}
@book{goldenfeld2018lectures,
  title={Lectures on phase transitions and the renormalization group},
  author={Goldenfeld, Nigel},
  year={2018},
  publisher={CRC Press}
}
@book{Fujikawa_2001,
  author="藤川和男",
  title="経路積分と対称性の量子的破れ",
  publisher="岩波書店",
  year="2001",
  series="新物理学選書",
}
@article{Dolan_2004,
  doi = {10.1016/j.nuclphysb.2003.11.016},
  url = {https://doi.org/10.1016%2Fj.nuclphysb.2003.11.016},
  year = 2004,
  month = feb,
  publisher = {Elsevier {BV}},
  volume = {678},
  number = {1-2},
  pages = {491--507},
  author = {F.A. Dolan and H. Osborn},
  title = {Conformal partial waves and the operator product expansion},
  journal = {Nuclear Physics B}
}
@book{polchinski1998string,
  title={String theory, volume I: An introduction to the bosonic string},
  author={Polchinski, Joseph Gerard},
  year={1998},
  publisher={Cambridge university press Cambridge}
}
@article{Rattazzi_2008,
  doi = {10.1088/1126-6708/2008/12/031},
  url = {https://doi.org/10.1088%2F1126-6708%2F2008%2F12%2F031},
  year = 2008,
  month = dec,
  publisher = {Springer Science and Business Media {LLC}
  },
  volume = {2008},
  number = {12},
  pages = {031--031},
  author = {Riccardo Rattazzi and Vyacheslav S Rychkov and Erik Tonni and Alessandro Vichi},
  title = {Bounding scalar operator dimensions in 4$\less$i$\greater$D$\less$/i$\greater${CFT}},
  journal = {Journal of High Energy Physics}
}
@book{takahasi2017,
  author    = "高橋和孝,西森秀稔",
  title     = "相転移・臨界現象とくりこみ群",
  publisher = "丸善出版",
  year      = "2017",
}
@article{Kos_2016,
	doi = {10.1007/jhep08(2016)036},
  
	url = {https://doi.org/10.1007%2Fjhep08%282016%29036},
  
	year = 2016,
	month = aug,
  
	publisher = {Springer Science and Business Media {LLC}},
  
	volume = {2016},
  
	number = {8},
  
	author = {Filip Kos and David Poland and David Simmons-Duffin and Alessandro Vichi},
  
	title = {Precision islands in the Ising and O(N ) models},
  
	journal = {Journal of High Energy Physics}
}